

@Article{Beare2008e,
  author =       {Beare, R.},
  title =        {Morphology with parabolic structuring elements},
  journal =      {The Insight Journal},
  year =         2008,
  key =          {http://hdl.handle.net/1926/1370},
  month =        {May}
}
